<?xml version="1.0" encoding="UTF-8"?><record xmlns="http://www.loc.gov/MARC21/slim" xmlns:cinclude="http://apache.org/cocoon/include/1.0" xmlns:zs="http://www.loc.gov/zing/srw/">
  <leader>00343nz  a2200133n  4500</leader>
  <controlfield tag="001">no 95023795 </controlfield>
  <controlfield tag="003">DLC</controlfield>
  <controlfield tag="005">19950516055449.8</controlfield>
  <controlfield tag="008">950515n| acannaab|          |n anc     c</controlfield>
  <datafield tag="010" ind1=" " ind2=" ">
    <subfield code="a">no 95023795 </subfield>
  </datafield>
  <datafield tag="035" ind1=" " ind2=" ">
    <subfield code="a">(OCoLC)oca03837200 </subfield>
  </datafield>
  <datafield tag="040" ind1=" " ind2=" ">
    <subfield code="a">OCl</subfield>
    <subfield code="c">OCl</subfield>
  </datafield>
  <datafield tag="110" ind1="2" ind2="0">
    <subfield code="a">Image Smith, Inc.</subfield>
  </datafield>
  <datafield tag="670" ind1=" " ind2=" ">
    <subfield code="a">Yearn 2 learn, c1993:</subfield>
    <subfield code="b">disk label (Image Smith, Inc.)</subfield>
  </datafield>
</record>